%doi:10.1146/annurev.fl.26.010194.002115
@article{saric,
author = {Saric, W S},
title = {Görtler Vortices},
journal = {Annual Review of Fluid Mechanics},
volume = {26},
number = {1},
pages = {379-409},
year = {1994},
doi = {10.1146/annurev.fl.26.010194.002115},
URL = {https://doi.org/10.1146/annurev.fl.26.010194.002115},
eprint = {https://doi.org/10.1146/annurev.fl.26.010194.002115}
}

%doi:10.2514/6.2009-799
@inbook{ace09,
author = {Michael Semper and Nathan Tichenor and Rodney Bowersox and Ravichandra Srinvasan and Simon North},
title = {On the Design and Calibration of an Actively Controlled Expansion Hypersonic Wind Tunnel},
booktitle = {47th AIAA Aerospace Sciences Meeting including The New Horizons Forum and Aerospace Exposition},
chapter = {},
pages = {},
doi = {10.2514/6.2009-799},
URL = {https://arc.aiaa.org/doi/abs/10.2514/6.2009-799},
eprint = {https://arc.aiaa.org/doi/pdf/10.2514/6.2009-799}
}

%doi:10.2514/6.2010-4793
@inbook{ace10_calibrate,
author = {Nathan Tichenor and Michael Semper and Rodney Bowersox and Ravichandra Srinvasan and Simon North},
title = {Calibration of an Actively Controlled Expansion Hypersonic Wind Tunnel},
booktitle = {27th AIAA Aerodynamic Measurement Technology and Ground Testing Conference},
chapter = {},
pages = {},
doi = {10.2514/6.2010-4793},
URL = {https://arc.aiaa.org/doi/abs/10.2514/6.2010-4793},
eprint = {https://arc.aiaa.org/doi/pdf/10.2514/6.2010-4793}
}

%doi:10.2514/6.2012-732
@inbook{aceturb,
author = {Michael Semper and Brandon Pruski and Rodney Bowersox},
title = {Freestream Turbulence Measurements in a Continuously Variable Hypersonic Wind Tunnel},
booktitle = {50th AIAA Aerospace Sciences Meeting including the New Horizons Forum and Aerospace Exposition},
chapter = {},
pages = {},
doi = {10.2514/6.2012-732},
URL = {https://arc.aiaa.org/doi/abs/10.2514/6.2012-732},
eprint = {https://arc.aiaa.org/doi/pdf/10.2514/6.2012-732}
}

%doi:10.2514/6.2019-1650
@inbook{sabnis_corner,
author = {Kshitij Sabnis and Daniel Galbraith and Holger Babinsky and John A. Benek},
title = {The Influence of Nozzle Geometry on Corner Flows in Supersonic Wind Tunnels},
booktitle = {AIAA Scitech 2019 Forum},
chapter = {},
pages = {},
doi = {10.2514/6.2019-1650},
URL = {https://arc.aiaa.org/doi/abs/10.2514/6.2019-1650},
eprint = {https://arc.aiaa.org/doi/pdf/10.2514/6.2019-1650}
}

@article{pope,
author={Hilton, W. F.}, 
title={High Speed Wind Tunnel Testing. A. Pope and K. L. Goin. John Wiley \& Sons, London. 1965. 474 pp. Illustrations. 115s.}, 
volume={70}, 
DOI={10.1017/S0001924000057213}, 
number={667}, 
journal={The Aeronautical Journal}, 
publisher={Cambridge University Press}, 
year={1966}, 
pages={739–739}
}

@phdthesis{tichenor_dis,
    author={Tichenor, Nathan},
    title={Characterization of the Influence of a Favorable Pressure Gradient on the Basic Structure of a Mach 5.0 High Reynolds Number Supersonic Turbulent Boundary Layer},
    school={Texas A\&M University},
    year={2010},
    type={Doctoral dissertation}
}

@phdthesis{mai_dis,
    author={Mai,Chi},
    title={Near-Region Modification of Total Pressure Fluctuations by a Normal Shock Wave in a Low-Density Hypersonic Wind Tunnel},
    school={Texas A\&M University},
    year={2014},
    type={Doctoral dissertation}
}

@phdthesis{neel_dis,
    author={Neel, Ian},
    title={Influence of Environmental Disturbances on Hypersonic Crossflow Instability on the HIFiRE-5 Elliptic Cone},
    school={Texas A\&M University},
    year={2019},
    type={Doctoral dissertation}
}
